:20:AID0769742430001
:25:968000331011
:28C:00110/00001
:60F:C170613CNY4849690,10
:61:1706130613DY1000000,00NTRF2017061200100867//CNA13067K2EXTWW0
CNA13067K2EXTWW0
:86:/OR/CNA13067K2EXTWW0
/AC/801201090019246401012
/BENM/深圳市裕同包装科技股份有限
公司
/REMI/2017061200100867 00100867,
企业资金调拨
:61:1706130613DY500000,00NTRF2017061200100866//CNA13067K3EXTZSW
CNA13067K3EXTZSW
:86:/OR/CNA13067K3EXTZSW
/AC/11004630156234
/BENM/深圳市裕同包装科技股份有限
公司
/REMI/2017061200100866 00100866,
企业资金调拨
:61:1706130613DY1500000,00NTRF2017061200100868//CNA13067EJEXTZSW
CNA13067EJEXTZSW
:86:/OR/CNA13067EJEXTZSW
/AC/73010122000802294
/BENM/深圳市裕同包装科技股份有限
公司
/REMI/2017061200100868 00100868,
企业资金调拨
:62F:C170613CNY1849690,10
:64:C170613CNY1849690,10
:86:/OSDR/HSBCCNSH   
-
